@inproceedings{dunn2021context,
  title        = {Context-Sensitive Visualization of Deep Learning Natural Language Processing Models},
  author       = {Dunn, Andrew and Inkpen, Diana and Andonie, R{\u{a}}zvan},
  booktitle    = {2021 25th International Conference Information Visualisation (IV)},
  pages        = {170--175},
  year         = {2021},
  organization = {IEEE}
}